
@article{langmuir26,
    author = "Mott-Smith, H. and Langmuir, I.",
    title = "The theory of collectors in gaseous discharges",
    journal = "Phys. Rev.",
    volume = "28",
    year = "1926",
    langid = "english"
}

@misc{websocket,
    author = "RFC",
    title ="Websocket Protocol",
    howpublished = {\url{"https://datatracker.ietf.org/doc/html/rfc6455"}}
}

@misc{webassembley,
    title = "Webassembley",
    howpublished = {\url{"https://webassembly.org/"}}
}

@misc{webrtc,
   title = "WebRTC",
   howpublished = { \url{"https://webrtc.org/"}}
}

@book{websocketbook,
   title = "WebSocket: Lightweight Client-Server Communications", 
   author="Andrew Lombardi"
}

@misc{canvas,
   title="Canvas",
   howpublished = { \url{"https://developer.mozilla.org/en-US/docs/Web/API/Canvas_API"}}
}

@article{latencyArticle,
   title = "LATENCY REDUCTION IN ONLINE MULTIPLAYER GAMES USING DETOUR ROUTING",
   author = "Cong Ly",
   howpublished = { \url{"https://www.google.com/url?sa=t&rct=j&q=&esrc=s&source=web&cd=&cad=rja&uact=8&ved=2ahUKEwj536Drv-DwAhVOpIsKHSsGB5sQFjAAegQIAhAD&url=https%3A%2F%2Fcore.ac.uk%2Fdownload%2Fpdf%2F56375431.pdf&usg=AOvVaw2rerCOQmsWf5y_ZXYURLBs"}}
}

@misc{websocketvshttp,
   title = "Websocket or HTTP",
   howpublished={\url{"https://developerinsider.co/difference-between-http-and-http-2-0-websocket/"}}
}
